@Article{Hastad1999,
	author="Hastad, Johan",
	title="Clique is hard to approximate within $n^{1-\epsilon}$",
	journal="Acta Mathematica",
	year="1999",
	volume="182",
	number="1",
	pages="105-142",
	issn="1871-2509",
	doi="10.1007/BF02392825",
	url="http://dx.doi.org/10.1007/BF02392825"
}

@MISC{Een03anextensible,
	author = {Niklas Een and Niklas SÃ¶rensson},
	title = {An Extensible SAT-solver [ver 1.2]},
	year = {2003}
}

@article{doi:10.1137/0206036,
	author = {Shuji Tsukiyama and Mikio Ide and Hiromu Ariyoshi and Isao Shirakawa},
	title = {A New Algorithm for Generating All the Maximal Independent Sets},
	journal = {SIAM Journal on Computing},
	volume = {6},
	number = {3},
	pages = {505-517},
	year = {1977},
	doi = {10.1137/0206036},
	
	URL = { 
	http://dx.doi.org/10.1137/0206036
	
	},
	eprint = { 
	http://dx.doi.org/10.1137/0206036
	
	}
}

@inproceedings{moreno2013block,
	title={Block Kronecker Product Graph Model},
	author={Moreno, S and Robles, P and Neville, J},
	booktitle={Proceedings of the 11th Workshop on Mining and Learning with graphs},
	year={2013}
}

@article{Leskovec:2010:KGA:1756006.1756039,
	author = {Leskovec, Jure and Chakrabarti, Deepayan and Kleinberg, Jon and Faloutsos, Christos and Ghahramani, Zoubin},
	title = {Kronecker Graphs: An Approach to Modeling Networks},
	journal = {J. Mach. Learn. Res.},
	issue_date = {3/1/2010},
	volume = {11},
	month = mar,
	year = {2010},
	issn = {1532-4435},
	pages = {985--1042},
	numpages = {58},
	url = {http://dl.acm.org/citation.cfm?id=1756006.1756039},
	acmid = {1756039},
	publisher = {JMLR.org},
} 

@ONLINE {matesoos,
	author = "Mate Soos",
	title  = "MiniSat FAQ",
	url    = "https://www.msoos.org/minisat-faq/"
}

@ONLINE {igraph2016,
	author = "igraph",
	title  = "Source code for clique.c",
	month  = "mar",
	year   = "2016",
	url    = "https://github.com/igraph/igraph/blob/master/src/cliques.c"
}

@ONLINE {facebook2014,
	author = "Facebook",
	title  = "Facebook Bug Report 1502515636638396",
	month  = "may",
	year   = "2014",
	url    = "https://developers.facebook.com/bugs/1502515636638396/"
}